<?xml version="1.0" encoding="UTF-8"?><collection xmlns="http://www.loc.gov/MARC21/slim"><record><leader>00612nam--2200181-i-4500</leader><controlfield tag="001">000048319</controlfield><controlfield tag="002">20161230</controlfield><controlfield tag="005">20161230201046</controlfield><controlfield tag="008">060222s1000------------r-----000-0-eng-d</controlfield><datafield ind1=" " ind2=" " tag="040"><subfield code="a">IFIN-HH</subfield></datafield><datafield ind1=" " ind2=" " tag="080"><subfield code="a">539.12(061.3)</subfield></datafield><datafield ind1="1" ind2=" " tag="100"><subfield code="a">Ida, M</subfield></datafield><datafield ind1="1" ind2="0" tag="245"><subfield code="a">Particle physics and accelerator projects</subfield><subfield code="b">Proceedings of the kyoto summer institute for particle physics 1-5 september 1978, kyoto</subfield><subfield code="c">M. ida, t. kamae, m. kobayashi (eds.)</subfield></datafield><datafield ind1=" " ind2=" " tag="260"><subfield code="a">Kyoto</subfield><subfield code="b">Research Institute For Fundamental Physics</subfield><subfield code="c">1978</subfield></datafield><datafield ind1=" " ind2=" " tag="300"><subfield code="a">VI + 315P</subfield></datafield><datafield ind1="1" ind2=" " tag="700"><subfield code="a">Kobayashi, M</subfield><subfield code="e">Ed</subfield></datafield><datafield ind1=" " ind2=" " tag="852"><subfield code="a">78940</subfield><subfield code="c">539.12</subfield></datafield><datafield ind1=" " ind2=" " tag="CAT"><subfield code="a">Sys</subfield><subfield code="c">20120125</subfield><subfield code="h">151712</subfield></datafield></record></collection>